@online{liferay-about,
    author = {{Liferay Inc.}},
    title = "About Us",
    url = "https://www.liferay.com/company/our-story",
    urldate = "2020-02-04"
}
